@book{copeland2017,
  editor    = {B. Jack Copeland and Jonathan P. Bowen and Mark S. Longridge and Robin Wilson},
  title     = {The Turing Guide},
  publisher = {Oxford University Press},
  year      = {2017},
  address   = {Oxford},
  isbn      = {9780198747833}
}